<record><leader>00000cas a22000007a 4500</leader><controlfield tag="001">25697873</controlfield><controlfield tag="008">920423d189u1uuuwyuwr ne      0    0eng d</controlfield><datafield ind1=" " ind2=" " tag="010"><subfield code="a">sn 92067020 </subfield></datafield><datafield ind1=" " ind2=" " tag="040"><subfield code="a">NVO</subfield><subfield code="b">eng</subfield><subfield code="c">NVO</subfield><subfield code="d">OCLCQ</subfield></datafield><datafield ind1=" " ind2=" " tag="042"><subfield code="a">msc</subfield></datafield><datafield ind1="0" ind2="0" tag="245"><subfield code="a">Wyoming freeman.</subfield></datafield><datafield ind1=" " ind2=" " tag="260"><subfield code="a">Sundance, Wyo. :</subfield><subfield code="b">E.E. Hoffer</subfield></datafield><datafield ind1=" " ind2=" " tag="300"><subfield code="a">v.</subfield></datafield><datafield ind1=" " ind2=" " tag="310"><subfield code="a">Weekly</subfield></datafield><datafield ind1="1" ind2=" " tag="362"><subfield code="a">Began in 1894.</subfield><subfield code="z">Cf. Homsher, L. Guide to Wyoming newspapers, 1867-1967.</subfield></datafield><datafield ind1=" " ind2=" " tag="588"><subfield code="a">Description based on: Vol. 2, no. 88 (June 4, 1896).</subfield></datafield><datafield ind1=" " ind2="4" tag="651"><subfield code="a">Sundance (Wyo.)</subfield><subfield code="v">Newspapers.</subfield></datafield><datafield ind1=" " ind2="4" tag="651"><subfield code="a">Crook County (Wyo.)</subfield><subfield code="v">Newspapers.</subfield></datafield><datafield ind1=" " ind2=" " tag="752"><subfield code="a">United States</subfield><subfield code="b">Wyoming</subfield><subfield code="c">Crook</subfield><subfield code="d">Sundance.</subfield></datafield></record>